<?xml version="1.0" encoding="UTF-8"?><collection xmlns="http://www.loc.gov/MARC21/slim"><record><leader>00408nam--2200133-i-4500</leader><controlfield tag="001">000002015</controlfield><controlfield tag="002">20161230</controlfield><controlfield tag="005">20161230201024</controlfield><controlfield tag="008">060222s1000------------r-----000-0-eng-d</controlfield><datafield ind1=" " ind2=" " tag="080"><subfield code="a">621.891</subfield></datafield><datafield ind1=" " ind2=" " tag="245"><subfield code="a">Frecarea si uzura la masini.culegere xii. traducere din limba rusa</subfield></datafield><datafield ind1=" " ind2=" " tag="260"><subfield code="a">Bucuresti, I.D.T., 1959. 335 P. + Erata</subfield></datafield><datafield ind1=" " ind2=" " tag="490"><subfield code="a">Academia De Stiinte A Urss, Inst. Pentru Studiul Masinilor</subfield></datafield><datafield ind1=" " ind2=" " tag="852"><subfield code="a">5692</subfield></datafield></record></collection>